@article{BHF10,
  author={Eric Brochu and Matthew W. Hoffman and Nando de Freitas},
  title={Portfolio Allocation for Bayesian Optimization},
  journal={CoRR},
  volume={abs/1009.5419},
  year={2010},
  url={http://arxiv.org/abs/1009.5419},
  eprinttype={arXiv},
  eprint={1009.5419},
  timestamp={Thu, 03 Dec 2020 16:48:26 +0100},
  biburl={https://dblp.org/rec/journals/corr/abs-1009-5419.bib},
  bibsource={dblp computer science bibliography, https://dblp.org}
}

@article{SKKS12,
  author={Srinivas, Niranjan and Krause, Andreas and Kakade, Sham M. and Seeger, Matthias W.},
  journal={IEEE Transactions on Information Theory},
  title={Information-Theoretic Regret Bounds for Gaussian Process Optimization in the Bandit Setting},
  year={2012},
  volume={58},
  number={5},
  pages={3250-3265},
  doi={10.1109/TIT.2011.2182033}
}

@misc{HRGNTV19,
  title={Bayesian Optimization with Unknown Search Space}, 
  author={Huong Ha and Santu Rana and Sunil Gupta and Thanh Nguyen and Hung Tran-The and Svetha Venkatesh},
  year={2019},
  eprint={1910.13092},
  archivePrefix={arXiv},
  primaryClass={stat.ML}
}

@inproceedings{HN21,
  author={Hatanaka, Shouichi and Nishi, Hiroaki},
  booktitle={2021 IEEE 30th International Symposium on Industrial Electronics (ISIE)},
  title={Efficient GAN - Based Unsupervised Anomaly Sound Detection for Refrigeration Units},
  year={2021},
  volume={},
  number={},
  pages={1-7},
  doi={10.1109/ISIE45552.2021.9576445}
}

@inproceedings{QXX19,
  author={Que, Z. J. and Xiong, Y. and Xu, Z. G.},
  booktitle={2019 IEEE International Conference on Industrial Engineering and Engineering Management (IEEM)},
  title={A Semi-supervised Approach for Steam Turbine Health Prognostics Based on GAN and PF},
  year={2019},
  volume={},
  number={},
  pages={1476-1480},
  doi={10.1109/IEEM44572.2019.8978717}
}

@article{XDZ19,
  title={Predicting pipeline leakage in petrochemical system through GAN and LSTM},
  journal={Knowledge-Based Systems},
  volume={175},
  pages={50-61},
  year={2019},
  issn={0950-7051},
  doi={https://doi.org/10.1016/j.knosys.2019.03.013},
  url={https://www.sciencedirect.com/science/article/pii/S0950705119301340},
  author={Peng Xu and Rui Du and Zhongbao Zhang},
}

@article{LSLTKW21,
  author={Li, Yuxuan and Shi, Zhangyue and Liu, Chenang and Tian, Wenmeng and Kong, Zhenyu and Williams, Christopher B.},
  journal={IEEE Transactions on Automation Science and Engineering},
  title={Augmented Time Regularized Generative Adversarial Network (ATR-GAN) for Data Augmentation in Online Process Anomaly Detection},
  year={2021},
  volume={},
  number={},
  pages={1-18},
  doi={10.1109/TASE.2021.3118635}
}
