@article{5gJointACM,
  author={Anand, Arjun and de Veciana, Gustavo and Shakkottai, Sanjay},
  journal={IEEE/ACM Transactions on Networking},
  title={Joint Scheduling of URLLC and eMBB Traffic in 5G Wireless Networks},
  year={2020},
  volume={28},
  number={2},
  pages={477-490},
  doi={10.1109/TNET.2020.2968373}
}

@article{bayesPortfolio,
  author={Eric Brochu and Matthew W. Hoffman and Nando de Freitas},
  title={Portfolio Allocation for Bayesian Optimization},
  journal={CoRR},
  volume={abs/1009.5419},
  year={2010},
  url={http://arxiv.org/abs/1009.5419},
  eprinttype={arXiv},
  eprint={1009.5419},
  timestamp={Thu, 03 Dec 2020 16:48:26 +0100},
  biburl={https://dblp.org/rec/journals/corr/abs-1009-5419.bib},
  bibsource={dblp computer science bibliography, https://dblp.org}
}

@article{bayesBandit,
  author={Srinivas, Niranjan and Krause, Andreas and Kakade, Sham M. and Seeger, Matthias W.},
  journal={IEEE Transactions on Information Theory},
  title={Information-Theoretic Regret Bounds for Gaussian Process Optimization in the Bandit Setting},
  year={2012},
  volume={58},
  number={5},
  pages={3250-3265},
  doi={10.1109/TIT.2011.2182033}
}

@misc{bayesSearch,
  title={Bayesian Optimization with Unknown Search Space}, 
  author={Huong Ha and Santu Rana and Sunil Gupta and Thanh Nguyen and Hung Tran-The and Svetha Venkatesh},
  year={2019},
  eprint={1910.13092},
  archivePrefix={arXiv},
  primaryClass={stat.ML}
}

@inproceedings{efficientGAN,
  author={Hatanaka, Shouichi and Nishi, Hiroaki},
  booktitle={2021 IEEE 30th International Symposium on Industrial Electronics (ISIE)},
  title={Efficient GAN - Based Unsupervised Anomaly Sound Detection for Refrigeration Units},
  year={2021},
  volume={},
  number={},
  pages={1-7},
  doi={10.1109/ISIE45552.2021.9576445}
}

@inproceedings{5gJointThreshold,
  author={Almekhlafi, Mohammed and Arfaoui, Mohamed Amine and Assi, Chadi and Ghrayeb, Ali},
  booktitle={ICC 2021 - IEEE International Conference on Communications},
  title={Joint Resource and Power Allocation for URLLC-eMBB Traffics Multiplexing in 6G Wireless Networks},
  year={2021},
  volume={},
  number={},
  pages={1-6},
  doi={10.1109/ICC42927.2021.9500443}
}

@inproceedings{5gQoS,
  author={Joda, Roghayeh and Elsayed, Medhat and Abou-Zeid, Hatem and Atawia, Ramy and Sediq, Akram Bin and Boudreau, Gary and Erol-Kantarci, Melike},
  booktitle={ICC 2021 - IEEE International Conference on Communications},
  title={QoS-Aware Joint Component Carrier Selection and Resource Allocation for Carrier Aggregation in 5G},
  year={2021},
  volume={},
  number={},
  pages={1-6},
  doi={10.1109/ICC42927.2021.9500923}
}

@inproceedings{5gNoma,
  author={Wang, Ru-Jun and Wang, Chih-Hang and Lee, Guang-Siang and Yang, De-Nian and Chen, Wen-Tsuen and Sheu, Jang-Ping},
  booktitle={GLOBECOM 2020 - 2020 IEEE Global Communications Conference},
  title={Resource Allocation in 5G with NOMA-based Mixed Numerology Systems},
  year={2020},
  volume={},
  number={},
  pages={1-6},
  doi={10.1109/GLOBECOM42002.2020.9322172}
}
