@article{linear,
    author  = "Alexander L. Stolyar",
    DOI     = "https://doi.org/10.1287/opre.1040.0156",
    journal = "Operations Research",
    number  = "1",
    pages   = "12--25",
    title   = "On the Asymptotic Optimality of the Gradient Scheduling Algorithm for Multiuser Throughput Allocation",
    volume  = "53",
    year    = "2005"
}
