@article{dualConnectivityOptimal,
  author={Wu, Yuan and He, Yanfei and Qian, Li Ping and Huang, Jianwei and Shen, Xuemin},
  journal={IEEE Transactions on Mobile Computing},
  title={Optimal Resource Allocations for Mobile Data Offloading via Dual-Connectivity},
  year={2018},
  volume={17},
  number={10},
  pages={2349-2365},
  doi={10.1109/TMC.2018.2810228}
}

@inproceedings{dualConnectivityApproximate,
  author={Chen, Tzu-Yu and Wang, Chih-Hang, and Sheu, Jang-Ping},
  booktitle={ICC 2022 - IEEE International Conference on Communications},
  title={Resource Allocation for the 4G and 5G Dual-Connectivity Network with NOMA and NR},
  year={2022}
}
