@article{YZR21,
  author={Yin, Hao and Zhang, Lyutianyang and Roy, Sumit},
  journal={IEEE Transactions on Communications},
  title={Multiplexing URLLC Traffic Within eMBB Services in 5G NR: Fair Scheduling},
  year={2021},
  volume={69},
  number={2},
  pages={1080-1093},
  doi={10.1109/TCOMM.2020.3035582}
}

@article{S05,
  author={Alexander L. Stolyar},
  journal={Operations Research},
  title={On the Asymptotic Optimality of the Gradient Scheduling Algorithm for Multiuser Throughput Allocation},
  year={2005},
  volume={53},
  number={1},
  pages={12-25},
  doi={10.1287/opre.1040.0156}
}
