@article{dualConnectivityOptimal,
  author={Wu, Yuan and He, Yanfei and Qian, Li Ping and Huang, Jianwei and Shen, Xuemin},
  journal={IEEE Transactions on Mobile Computing},
  title={Optimal Resource Allocations for Mobile Data Offloading via Dual-Connectivity},
  year={2018},
  volume={17},
  number={10},
  pages={2349-2365},
  doi={10.1109/TMC.2018.2810228}
}

@inproceedings{dualConnectivityApproximate,
  author={Chen, Tzu-Yu and Wang, Chih-Hang, and Sheu, Jang-Ping},
  booktitle={ICC 2022 - IEEE International Conference on Communications},
  title={Resource Allocation for the 4G and 5G Dual-Connectivity Network with NOMA and NR},
  year={2022}
}

@inproceedings{urllcSuperpositionRefuse,
  author = {Kai Ying and John M. Kowalski and Toshizo Nogami and Zhanping Yin and Jia Sheng},
  title = {{Coexistence of enhanced mobile broadband communications and ultra-reliable low-latency communications in mobile front-haul}},
  volume = {10559},
  booktitle = {Broadband Access Communication Technologies XII},
  editor = {Benjamin B. Dingel and Katsutoshi Tsukamoto and Spiros Mikroulis},
  organization = {International Society for Optics and Photonics},
  publisher = {SPIE},
  pages = {56 -- 62},
  keywords = {Enhanced mobile broadband communication (eMBB), Ultra reliable low latency communication (URLLC), Outer code, Resource pre-emption, Mobile front-haul, Interleaving, 5G, Coexistence of eMBB and URLLC},
  year = {2018},
  doi = {10.1117/12.2287563},
  URL = {https://doi.org/10.1117/12.2287563}
}

@article{embbUrllcMultiplexing,
  author={Yin, Hao and Zhang, Lyutianyang and Roy, Sumit},
  journal={IEEE Transactions on Communications},
  title={Multiplexing URLLC Traffic Within eMBB Services in 5G NR: Fair Scheduling},
  year={2021},
  volume={69},
  number={2},
  pages={1080-1093},
  doi={10.1109/TCOMM.2020.3035582}
}
