@article{S05,
  author={Alexander L. Stolyar},
  journal={Operations Research},
  title={On the Asymptotic Optimality of the Gradient Scheduling Algorithm for Multiuser Throughput Allocation},
  year={2005},
  volume={53},
  number={1},
  pages={12-25},
  doi={10.1287/opre.1040.0156}
}

@inproceedings{SRRTGKRKPJ16,
  author={Sun, Shu and Rappaport, Theodore S. and Rangan, Sundeep and Thomas, Timothy A. and Ghosh, Amitava and Kovacs, Istvan Z. and Rodriguez, Ignacio and Koymen, Ozge and Partyka, Andrzej and Jarvelainen, Jan},
  booktitle={2016 IEEE 83rd Vehicular Technology Conference (VTC Spring)},
  title={Propagation Path Loss Models for 5G Urban Micro- and Macro-Cellular Scenarios},
  year={2016},
  volume={},
  number={},
  pages={1-6},
  doi={10.1109/VTCSpring.2016.7504435}
}

@article{LPN12,
  author={Le, Thi Hoai An and Pham, Dinh Tao and Ngai, Huynh Van},
  journal={Journal of Global Optimization},
  title={Exact Penalty and Error Bounds in DC Programming},
  year={2012},
  volume={52},
  number={3},
  pages={509-535},
  doi={10.1007/s10898-011-9765-3}
}
